@article{deepwalk,
  title={Deepwalk: Online learning of social representations},
  author={Perozzi, Bryan and Al-Rfou, Rami and Skiena, Steven},
  journal={Proceedings of the 20th ACM SIGKDD international conference on Knowledge discovery and data mining},
  pages={701--710},
  year={2014}
}

@article{deepwalk2,
  title={Comprehend DeepWalk as Matrix Factorization},
  author={Cheng Yang and Zhiyuan Liu},
  journal={ArXiv},
  year={2015},
  volume={abs/1501.00358}
}

@article{deepwalk3,
  title={Deepwalk-assisted graph PCA (DGPCA) for language networks},
  author={Chen, Fenxiao and Wang, Bin and Kuo, C-C Jay},
  journal={ICASSP 2019-2019 IEEE International Conference on Acoustics, Speech and Signal Processing (ICASSP)},
  pages={2957--2961},
  year={2019},
  organization={IEEE}
}

@article{skipgram,
  title={Efficient estimation of word representations in vector space},
  author={Mikolov, Tomas and Chen, Kai and Corrado, Greg and Dean, Jeffrey},
  journal={ICLR},
  year={2013}
}

@article{node2vec,
  title={node2vec: Scalable feature learning for networks},
  author={Grover, Aditya and Leskovec, Jure},
  journal={Proceedings of the 22nd ACM SIGKDD international conference on Knowledge discovery and data mining},
  pages={855--864},
  year={2016}
}

@article{word2vec,
  title={word2vec, node2vec, graph2vec, x2vec: Towards a theory of vector embeddings of structured data},
  author={Grohe, Martin},
  journal={Proceedings of the 39th ACM SIGMOD-SIGACT-SIGAI Symposium on Principles of Database Systems},
  pages={1--16},
  year={2020}
}

@article{graph2vec,
  title={graph2vec: Learning distributed representations of graphs},
  author={Narayanan, Annamalai and Chandramohan, Mahinthan and Venkatesan, Rajasekar and Chen, Lihui and Liu, Yang and Jaiswal, Shantanu},
  journal={ArXiv},
  year={2017}
}

@article{doc2vec,
  title={Distributed representations of sentences and documents},
  author={Le, Quoc and Mikolov, Tomas},
  journal={International conference on machine learning},
  pages={1188--1196},
  year={2014},
  organization={PMLR}
}

@article{graphsage,
  title={Inductive representation learning on large graphs},
  author={Hamilton, Will and Ying, Zhitao and Leskovec, Jure},
  journal={Advances in neural information processing systems},
  volume={30},
  year={2017}
}

@article{fasttext,
  title={Enriching word vectors with subword information},
  author={Bojanowski, Piotr and Grave, Edouard and Joulin, Armand and Mikolov, Tomas},
  journal={Transactions of the association for computational linguistics},
  volume={5},
  pages={135--146},
  year={2017},
  publisher={MIT Press}
}

@article{jointloss,
  title={Joint node-edge network embedding for link prediction},
  author={Makarov, Ilya and Gerasimova, Olga and Sulimov, Pavel and Korovina, Ksenia and Zhukov, Leonid E},
  journal={International Conference on Analysis of Images, Social Networks and Texts},
  pages={20--31},
  year={2018},
  organization={Springer}
}

@article{rmgnn,
  title={Citation network applications in a scientific co-authorship recommender system},
  author={Vladislav Tishin and Artyom Sosedka and Peter Ibragimov and Vadim Porvatov},
  journal={ArXiv},
  year={2021},
  volume={abs/2111.15466}
}

@online{aist,
    language = "russian",
    title = {AIST 2021 // The 10th International Conference on Analysis of Images, Social Networks and Texts. 2021},
    url = {https://aistconf.org/},
    urldate = {23.12.2021}
}

@article{attri2vec,
  title={Attributed network embedding via subspace discovery},
  author={Daokun Zhang and Jie Yin and Xingquan Zhu and Chengqi Zhang},
  journal={Data Mining and Knowledge Discovery},
  year={2019},
  volume={33},
  pages={1953-1980}
}

@article{cnn_intro,
  title={An Introduction to Convolutional Neural Networks},
  author={Keiron Oâ€™Shea and Ryan Nash},
  journal={ArXiv},
  year={2015},
  volume={abs/1511.08458}
}

@article{nn_intro,
  title={On the Origin of Deep Learning},
  author={Haohan Wang and Bhiksha Raj and Eric P. Xing},
  journal={ArXiv},
  year={2017},
  volume={abs/1702.07800}
}